<?xml version="1.0" encoding="UTF-8"?><collection xmlns="http://www.loc.gov/MARC21/slim"><record><leader>00553nam--2200193-i-4500</leader><controlfield tag="001">000050132</controlfield><controlfield tag="002">20161230</controlfield><controlfield tag="005">20161230201048</controlfield><controlfield tag="008">060222s1000------------r-----000-0-rus-d</controlfield><datafield ind1=" " ind2=" " tag="040"><subfield code="a">IFIN-HH</subfield></datafield><datafield ind1=" " ind2=" " tag="041"><subfield code="a">rus</subfield></datafield><datafield ind1=" " ind2=" " tag="080"><subfield code="a">537.32</subfield></datafield><datafield ind1="1" ind2=" " tag="100"><subfield code="a">Baranskii, P.I</subfield></datafield><datafield ind1="1" ind2="0" tag="245"><subfield code="a">Teoria termoelektricheskih itermomagnitnyhiavlenii v anizotropnyhpoluprovodnikah</subfield><subfield code="c">P.i. baranskii, i.s. buda, i.v. dahovskii</subfield></datafield><datafield ind1=" " ind2=" " tag="260"><subfield code="a">Kiev</subfield><subfield code="b">Naukova Dumka</subfield><subfield code="c">1987</subfield></datafield><datafield ind1=" " ind2=" " tag="300"><subfield code="a">271S</subfield></datafield><datafield ind1="1" ind2=" " tag="700"><subfield code="a">Dahovskii, I.V</subfield></datafield><datafield ind1=" " ind2=" " tag="852"><subfield code="a">74551</subfield><subfield code="c">537.311.33</subfield></datafield><datafield ind1=" " ind2=" " tag="CAT"><subfield code="a">Sys</subfield><subfield code="c">20110728</subfield><subfield code="h">143019</subfield></datafield></record></collection>